@techreport{FrostSullivan_renewable,
   author = {{Frost \& Sullivan}},
   title = {Annual Renewable Energy Outlook},
   year = {2014},
   type = {Report}
}

@techreport{FrostSullivan_REEmarket,
   author = {{Frost \& Sullivan},},
   title = {Supply/Demand Dynamics of Rare Earth Elements},
   month = {December},
   year = {2013},
   type = {Report}
}

@techreport{GEA_report,
   author = {{Geothermal Energy Association},},
   title = {Annual {US} Geothermal Power Production and Development Report},
   year = {2013},
   type = {Report}
}

@techreport{CDOGGR,
   author = {{CDOGGR},},
   title = {Summary of Geothermal Operations},
   institution = {California Division of Oil, Gas \& Geothermal Resources},
   year = {2009},
   type = {Report}
}

@techreport{Clark_Argonne_2011,
   author = {Clark, C.E. and Harto, C.B. and Sullivan, J.L. and Wang, M.Q.},
   title = {Water Use in the Development and Operation of Geothermal Power Plants},
   institution = {Argonne National Laboratory},
   year = {2011},
   type = {Report}
}

@techreport{USGS_commsumm,
   author = {{U.S. Geological Survey},},
   title = {Mineral commodity summaries 2015},
   institution = {U.S. Geological Survey},
   year = {2015},
   type = {Report}
}

@techreport{JRC_2011,
   author = {Moss, RL and Tzimas, E and Kara, H and Willis, P and Kooroshy, J},
   title = {Critical metals in strategic energy technologies},
   institution = {European Commission Joint Research Centre Institute for Energy and Transport},
   year = {2011}
}

@article{Alonso_EST_2012,
   author = {Alonso, Elisa and Sherman, Andrew M and Wallington, Timothy J and Everson, Mark P and Field, Frank R and Roth, Richard and Kirchain, Randolph E},
   title = {Evaluating rare earth element availability: {A} case with revolutionary demand from clean technologies},
   journal = {Environmental science \& technology},
   volume = {46},
   number = {6},
   pages = {3406-3414},
   year = {2012},
   type = {Journal Article}
}


