@inbook{CastorHedrick,
   author = {Castor, Stephen B. and Hedrick, James B.},
   title = {Rare Earth Elements},
   booktitle = {Industrial Minerals and Rocks: Commodities, Markets, and Uses},
   publisher = {SME},
   edition = {7},
   pages = {769-792},
   year = {2006},
   type = {Book Section}
}

@book{CRC,
   author = {Lide, David R},
   title = {{CRC} handbook of chemistry and physics},
   publisher = {CRC press},
   ISBN = {1439880492},
   year = {2012},
   type = {Book}
}

@article{Murray_Geol_1990,
   author = {Murray, Richard W. and Buchholtz ten Brink, Marilyn R. and Jones, David L. and Gerlach, David C. and Russ , G.Price},
   title = {Rare earth elements as indicators of different marine depositional environments in chert and shale},
   journal = {Geology},
   volume = {18},
   number = {3},
   pages = {268-271},
   year = {1990},
   type = {Journal Article}
}

@article{Laveuf_Geoderma_2009,
   author = {Laveuf, C and Cornu, S},
   title = {A review on the potentiality of Rare Earth Elements to trace pedogenetic processes},
   journal = {Geoderma},
   volume = {154},
   number = {1},
   pages = {1-12},
   ISSN = {0016-7061},
   year = {2009},
   type = {Journal Article}
}

@article{PAAS,
   author = {Nance, W. B. and Taylor, S. R.},
   title = {Rare earth element patterns and crustal evolutionâ€”{I. Australian post-Archean sedimentary rocks}},
   journal = {Geochimica et Cosmochimica Acta},
   volume = {40},
   number = {12},
   pages = {1539-1551},
   year = {1976},
   type = {Journal Article}
}

@article{Hanson_AREPS_1980,
   author = {Hanson, G. N.},
   title = {Rare-Earth Elements in Petrogenetic Studies of Igneous Systems},
   journal = {Annual Review of Earth and Planetary Sciences},
   volume = {8},
   pages = {371-406},
   year = {1980},
   type = {Journal Article}
}

