@article{Stolpe_GCA_2013,
   author = {Stolpe,Björn and Guo, Laodong and Shiller, Alan M.},
   title = {Binding and transport of rare earth elements by organic and iron-rich nanocolloids in {A}laskan rivers, as revealed by field-flow fractionation and {ICP-MS}},
   journal = {Geochimica et Cosmochimica Acta},
   volume = {106},
   pages = {446-462},
   year = {2013},
   type = {Journal Article}
}
@article{Chaudhuri_JOCGS_2011,
   author = {Chaudhuri, S. and Totten, M. and Clauer, N. and Miesse, J. and Riepl, G. and Massie, S. and Semhi, K.},
   title = {A Study Yielding The First Demonstration That Rare-Earth Elements Could Be A Useful Geochemical Tracer In Formation Hydraulic Fracturing Schemes For Enhanced Gas And Oil Production},
   journal = {The Journal of the Oklahoma City Geological Society},
   pages = {214-223},
   year = {2011},
   type = {Journal Article}
}
@article{Lewis_GCA_1998,
   author = {Lewis, A.J. and Komninou, A. and Yardley, B.W.D. and Palmer, M.R.},
   title = {Rare earth element speciation in geothermal fluids from Yellowstone National Park, Wyoming, USA},
   journal = {Geochimica et Cosmochimica Acta},
   volume = {62},
   number = {4},
   pages = {657-663},
   year = {1998},
   type = {Journal Article}
}
@article{REE_dep_study,
   author = {Murray, Richard W. and Buchholtz ten Brink, Marilyn R. and Jones, David L. and Gerlach, David C. and Russ , G.Price},
   title = {Rare earth elements as indicators of different marine depositional environments in chert and shale},
   journal = {Geology},
   volume = {18},
   number = {3},
   pages = {268-271},
   year = {1990},
   type = {Journal Article}
}
@article{Singh_JAWMA_2013,
   author = {Singh, Anshuman and Neuhauser, Edward F. and Azzolina, Nicholas A. and Distler, Mark and Anders, Krista M. and Doroski, Melissa A. and Rabideau, Alan J.},
   title = {Statistical techniques for analyzing of soil vapor intrusion data: {A} case study of Manufactured Gas Plant sites},
   journal = {J. Air Waste Manage. Assoc.},
   volume = {63},
   number = {2},
   year = {2013},
   type = {Journal Article}
}
@article{Sverjensky_EPSL_1984,
   author = {Sverjensky, Dimitri A.},
   title = {Europium redox equilibria in aqueous solution},
   journal = {Earth and Planetary Science Letters},
   volume = {67},
   number = {1},
   pages = {70-78},
   year = {1984},
   type = {Journal Article}
}
@article{Cai_AG_2008,
   author = {Cai, Chunfang and Li, Kaikai and Li, Hongtao and Zhang, Baoshou},
   title = {Evidence for cross formational hot brine flow from integrated $^{87}$Sr / $^86$Sr, {REE} and fluid inclusions of the {Ordovician veins in Central Tarim, China}},
   journal = {Applied Geochemistry},
   volume = {23},
   number = {8},
   pages = {2226-2235},
   year = {2008},
   type = {Journal Article}
}
@article{Chen_WRM_2013,
   author = {Chen, Yu Wen and Chang, Liang Cheng and Huang, Chun Wei and Chu, Hone Jay},
   title = {Applying Genetic Algorithm and Neural Network to the Conjunctive Use of Surface and Subsurface Water},
   journal = {Water resources management},
   volume = {27},
   number = {14},
   pages = {4731-4757},
   year = {2013},
   type = {Journal Article}
}
@article{Kulkarni_AE_2006,
   author = {Kulkarni, Pranav and Chellam, Shankararaman and Fraser, Matthew P},
   title = {Lanthanum and lanthanides in atmospheric fine particles and their apportionment to refinery and petrochemical operations in {Houston, TX}},
   journal = {Atmospheric Environment},
   volume = {40},
   number = {3},
   pages = {508-520},
   year = {2006},
   type = {Journal Article}
}
@article{Kulkarni_EST_2007,
   author = {Kulkarni, Pranav and Chellam, Shankararaman and Fraser, Matthew P},
   title = {Tracking petroleum refinery emission events using lanthanum and lanthanides as elemental markers for PM$_{2. 5}$},
   journal = {Environmental Science \& Technology},
   volume = {41},
   number = {19},
   pages = {6748-6754},
   year = {2007},
   type = {Journal Article}
}
@article{Sanada_Geotherm_2006,
   author = {Sanada, Tetsuya and Takamatsu, Nobuki and Yoshiike, Yuzo},
   title = {Geochemical interpretation of long-term variations in rare earth element concentrations in acidic hot spring waters from the {Tamagawa geothermal area, Japan}},
   journal = {Geothermics},
   volume = {35},
   number = {2},
   pages = {141-155},
   year = {2006},
   type = {Journal Article}
}
@article{Lewis_GCA_1997,
   author = {Lewis, Anita J and Palmer, Martin R and Sturchio, Neil C and Kemp, Anthony J},
   title = {The rare earth element geochemistry of acid-sulphate and acid-sulphate-chloride geothermal systems from {Yellowstone National Park, Wyoming, USA}},
   journal = {Geochimica et Cosmochimica Acta},
   volume = {61},
   number = {4},
   pages = {695-706},
   year = {1997},
   type = {Journal Article}
}
@inproceedings{Palarea_CompData_2011,
   author = {Palarea-Albaladejo, J and Martín-Fernández, JA and Olea, RA},
   title = {Non-detect bootstrap method for estimating distributional parameters of compositional samples revisited: a multivariate approach},
   booktitle = {Proceedings of the 4th international workshop on compositional data analysis, San Feliu de Guixols, Spain},
   pages = {1-9},
   type = {Conference Proceedings},
   year = {2011}
}
@article{Nash_GCA_1985,
   author = {Nash, WP and Crecraft, HR},
   title = {Partition coefficients for trace elements in silicic magmas},
   journal = {Geochimica et Cosmochimica Acta},
   volume = {49},
   number = {11},
   pages = {2309-2322},
   year = {1985},
   type = {Journal Article}
}
@article{Foley_Lithos_2004,
   author = {Foley, Stephen F. and Jenner, George A.},
   title = {Trace element partitioning in lamproitic magmas - the {G}aussberg olivine leucitite},
   journal = {Lithos},
   volume = {75},
   number = {1–2},
   pages = {19-38},
   keywords = {Partition coefficients
Trace elements
Lamproite
Olivine
Leucite
Clinopyroxene
ICP-MS},
   year = {2004},
   type = {Journal Article}
}
@article{Ma_CG_2011,
   author = {Ma, Lin and Jin, Lixin and Brantley, Susan L},
   title = {How mineralogy and slope aspect affect {REE} release and fractionation during shale weathering in the {Susquehanna/Shale Hills Critical Zone Observatory}},
   journal = {Chemical Geology},
   volume = {290},
   number = {1},
   pages = {31-49},
   year = {2011},
   type = {Journal Article}
}
@article{Kautenburger_JEM_2010,
   author = {Kautenburger, Ralf and Beck, Horst P.},
   title = {Influence of geochemical parameters on the sorption and desorption behaviour of europium and gadolinium onto kaolinite},
   journal = {Journal of Environmental Monitoring},
   volume = {12},
   number = {6},
   pages = {1295-1301},
   year = {2010},
   type = {Journal Article}
}
@article{Johannesson_EPSL_2007,
   author = {Johannesson, Karen H and Burdige, David J},
   title = {Balancing the global oceanic neodymium budget: {E}valuating the role of groundwater},
   journal = {Earth and Planetary Science Letters},
   volume = {253},
   number = {1},
   pages = {129-142},
   year = {2007},
   type = {Journal Article}
}
@article{Brookins_GJ_1983,
   author = {Brookins, Douglas G},
   title = {Eh-{pH} diagrams for the rare earth elements at 25 $^\circ$C and one bar pressure},
   journal = {Geochem. J},
   volume = {17},
   number = {5},
   pages = {223-229},
   year = {1983},
   type = {Journal Article}
}
@article{Kulaksiz_EPSL_2013,
   author = {Kulaksiz, Serkan and Bau, Michael},
   title = {Anthropogenic dissolved and colloid/nanoparticle-bound samarium, lanthanum and gadolinium in the Rhine River and the impending destruction of the natural rare earth element distribution in rivers},
   journal = {Earth and Planetary Science Letters},
   volume = {362},
   pages = {43-50},
   year = {2013},
   type = {Journal Article}
}
@article{Kulaksiz_EI_2011,
   author = {Kulaksız, Serkan and Bau, Michael},
   title = {Rare earth elements in the Rhine River, Germany: First case of anthropogenic lanthanum as a dissolved microcontaminant in the hydrosphere},
   journal = {Environment International},
   volume = {37},
   number = {5},
   pages = {973-979},
   year = {2011},
   type = {Journal Article}
}
@article{Romero_AG_2010,
   author = {Romero, Francisco Martín and Prol-Ledesma, Rosa María and Canet, Carles and Alvares, Laura Núñez and Pérez-Vázquez, Ramón},
   title = {Acid drainage at the inactive Santa Lucia mine, western Cuba: Natural attenuation of arsenic, barium and lead, and geochemical behavior of rare earth elements},
   journal = {Applied Geochemistry},
   volume = {25},
   number = {5},
   pages = {716-727},
   year = {2010},
   type = {Journal Article}
}
@article{Bozau_AG_2004,
   author = {Bozau, Elke and Leblanc, Marc and Seidel, Jean Luc and Stärk, Hans-Joachim},
   title = {Light Rare Earth Elements enrichment in an acidic mine lake (Lusatia, Germany)},
   journal = {Applied Geochemistry},
   volume = {19},
   number = {3},
   pages = {261-271},
   year = {2004},
   type = {Journal Article}
}
@article{Zhao_IJCG_2007,
   author = {Zhao, Fenghua and Cong, Zhiyuan and Sun, Hongfu and Ren, Deyi},
   title = {The geochemistry of rare earth elements ({REE}) in acid mine drainage from the Sitai coal mine, Shanxi Province, North China},
   journal = {International Journal of Coal Geology},
   volume = {70},
   number = {1–3},
   pages = {184-192},
   keywords = {Acid mine drainage (AMD)
Rare earth elements (REEs)
Sitai coal mine
Speciation},
   year = {2007},
   type = {Journal Article}
}
@article{Borrego_HR_2012,
   author = {Borrego, J and Carro, B and Lopez-Gonzalez, N and de la Rosa, J and Grande, JA and Gomez, T and de la Torre, ML},
   title = {Effect of acid mine drainage on dissolved rare earth elements geochemistry along a fluvial-estuarine system: the Tinto-Odiel Estuary (SW Spain)},
   journal = {Hydrology Research},
   volume = {43},
   number = {3},
   pages = {262-274},
   year = {2012},
   type = {Journal Article}
}
@article{Doulati_JEE_2013,
   author = {Doulati Ardejanii, F. and Rooki, R. and Jodieri Shokri, B. and Eslam Kish, T. and Aryafar, A. and Tourani, P.},
   title = {Prediction of Rare Earth Elements in Neutral Alkaline Mine Drainage from Razi Coal Mine, Golestan Province, Northeast Iran, Using General Regression Neural Network},
   journal = {Journal of Environmental Engineering},
   volume = {139},
   number = {6},
   pages = {896-907},
   year = {2013},
   type = {Journal Article}
}
@article{Piper_diag,
   author = {Piper, Arthur M},
   title = {A graphic procedure in the geochemical interpretation of water-analyses},
   journal = {Transactions, American Geophysical Union},
   volume = {25},
   pages = {914-928},
   year = {1944},
   type = {Journal Article}
}
@article{Worrall_GCA_2001,
   author = {Worrall, F. and Pearson, D. G.},
   title = {Water-rock interaction in an acidic mine discharge as indicated by rare earth element patterns},
   journal = {Geochimica et Cosmochimica Acta},
   volume = {65},
   number = {18},
   pages = {3027-3040},
   year = {2001},
   type = {Journal Article}
}
@article{Bau_EPSL_1996,
   author = {Bau, Michael and Dulski, Peter},
   title = {Anthropogenic origin of positive gadolinium anomalies in river waters},
   journal = {Earth and Planetary Science Letters},
   volume = {143},
   number = {1},
   pages = {245-255},
   year = {1996},
   type = {Journal Article}
}
@article{Benko_EES_2008,
   author = {Benko, Katie L and Drewes, Jörg E},
   title = {Produced water in the Western United States: geographical distribution, occurrence, and composition},
   journal = {Environmental Engineering Science},
   volume = {25},
   number = {2},
   pages = {239-246},
   year = {2008},
   type = {Journal Article}
}
@article{Farmaki_AL_2012,
   author = {Farmaki, Eleni G and Thomaidis, Nikolaos S and Minioti, Katerina S and Ioannou, Evaggelia and Georgiou, Constantinos A and Efstathiou, Constantinos E},
   title = {Geographical Characterization of Greek Olive Oils Using Rare Earth Elements Content and Supervised Chemometric Techniques},
   journal = {Analytical Letters},
   volume = {45},
   number = {8},
   pages = {920-932},
   year = {2012},
   type = {Journal Article}
}
@book{Morel_Herring,
   author = {Morel, François M.M. and Hering, Janet G.},
   title = {Principles and Applications of Aquatic Chemistry},
   publisher = {John Wiley \& Sons, Inc.},
   year = {1993},
   type = {Book}
}
@article{Linberg_Sci_1984,
   author = {Linberg, RD and Runnels, DD},
   title = {Ground water redox reactions: an analysis of equilibrium state applied to {E}h measurements and geochemical modeling},
   journal = {Science},
   volume = {225},
   pages = {925-927},
   year = {1984},
   type = {Journal Article}
}
@article{Jakubowski_Fres_1999,
   author = {Jakubowski, N. and Brandt, R. and Stuewer, D. and Eschnauer, H. R. and Görtges, S.},
   title = {Analysis of wines by {ICP-MS: I}s the pattern of the rare earth elements a reliable fingerprint for the provenance?},
   journal = {Fresenius' Journal of Analytical Chemistry},
   volume = {364},
   number = {5},
   pages = {424-428},
   year = {1999},
   type = {Journal Article}
}
@article{Joebstl_FC_2010,
   author = {Joebstl, D and Bandoniene, D and Meisel, T and Chatzistathis, S},
   title = {Identification of the geographical origin of pumpkin seed oil by the use of rare earth elements and discriminant analysis},
   journal = {Food Chemistry},
   volume = {123},
   number = {4},
   pages = {1303-1309},
   year = {2010},
   type = {Journal Article}
}
@article{Harkins,
   author = {Harkins, William D.},
   title = {The Evolution of the Elements and the Stability of Complex Atoms. {I. A} New Periodic System Which Shows a Relation Between the Abundance of the Elements and the Structure of the Nuclei of Atoms},
   journal = {Journal of the American Chemical Society},
   volume = {39},
   number = {5},
   pages = {856-879},
   year = {1917},
   type = {Journal Article}
}
@article{Karamalidis_EST_2012,
   author = {Karamalidis, Athanasios K and Torres, Sharon G and Hakala, J Alexandra and Shao, Hongbo and Cantrell, Kirk J and Carroll, Susan},
   title = {Trace Metal Source Terms in Carbon Sequestration Environments},
   journal = {Environmental Science \& Technology},
   volume = {47},
   number = {1},
   pages = {322-329},
   year = {2012},
   type = {Journal Article}
}
@article{Benson_Cole,
   author = {Benson, Sally M and Cole, David R},
   title = {CO$_2$ sequestration in deep sedimentary formations},
   journal = {Elements},
   volume = {4},
   number = {5},
   pages = {325-331},
   year = {2008},
   type = {Journal Article}
}
@article{boxplot,
   author = {McGill, Robert and Tukey, John W and Larsen, Wayne A},
   title = {Variations of box plots},
   journal = {The American Statistician},
   volume = {32},
   number = {1},
   pages = {12-16},
   year = {1978},
   type = {Journal Article}
}
@article{REE_soil_tracers,
   author = {Laveuf, C and Cornu, S},
   title = {A review on the potentiality of Rare Earth Elements to trace pedogenetic processes},
   journal = {Geoderma},
   volume = {154},
   number = {1},
   pages = {1-12},
   year = {2009},
   type = {Journal Article}
}
@article{Lee_AG_2003,
   author = {Lee, Seung-Gu and Lee, Dae-Ha and Kim, Yongje and Chae, Byong-Gon and Kim, Won-Young and Woo, Nam-Chil},
   title = {Rare earth elements as indicators of groundwater environment changes in a fractured rock system: evidence from fracture-filling calcite},
   journal = {Applied Geochemistry},
   volume = {18},
   number = {1},
   pages = {135-143},
   year = {2003},
   type = {Journal Article}
}
@article{Choi_CG_2009,
   author = {Choi, Hyeon-Su and Yun, Seong-Taek and Koh, Yong-Kwon and Mayer, Bernhard and Park, Seong-Sook and Hutcheon, Ian},
   title = {Geochemical behavior of rare earth elements during the evolution of CO2-rich groundwater: A study from the Kangwon district, South Korea},
   journal = {Chemical Geology},
   volume = {262},
   number = {3–4},
   pages = {318-327},
   keywords = {Rare earth elements
CO2-rich groundwater
Kangwon district
Korea
Hydrochemistry
Groundwater mixing
Carbonate precipitates},
   year = {2009},
   type = {Journal Article}
}
@article{PitzerI,
   author = {Pitzer, Kenneth S},
   title = {Thermodynamics of electrolytes. I. Theoretical basis and general equations},
   journal = {The Journal of Physical Chemistry},
   volume = {77},
   number = {2},
   pages = {268-277},
   year = {1973},
   type = {Journal Article}
}
@book{CRC_handbook,
   author = {Lide, David R},
   title = {CRC handbook of chemistry and physics},
   publisher = {CRC press},
   ISBN = {1439880492},
   year = {2012},
   type = {Book}
}
@article{Helsel_EST_2005,
   author = {Helsel, Dennis R},
   title = {More than obvious: better methods for interpreting nondetect data},
   journal = {Environmental Science \& Technology},
   volume = {39},
   number = {20},
   pages = {419-423},
   year = {2005},
   type = {Journal Article}
}
@article{Helsel_EST_1995,
   author = {Helsel, Dennis R},
   title = {Less than obvious-statistical treatment of data below the detection limit},
   journal = {Environmental Science \& Technology},
   volume = {24},
   number = {12},
   pages = {1766-1774},
   year = {1990},
   type = {Journal Article}
}
@article{Hannigan_CG_2001,
   author = {Hannigan, Robyn E. and Sholkovitz, Edward R.},
   title = {The development of middle rare earth element enrichments in freshwaters: weathering of phosphate minerals},
   journal = {Chemical Geology},
   volume = {175},
   number = {3–4},
   pages = {495-508},
   keywords = {Rare-earth elements
Weathering
River waters
Phosphates},
   year = {2001},
   type = {Journal Article}
}
@misc{PHREEQC,
   author = {Parkhurst, David L. and Appelo, C.A.J.},
   title = {{PHREEQC}},
   publisher = {U.S. Geological Survey},
   year = {1999},
   type = {Computer Program}
}
@inbook{Castor_Hedrick,
   author = {Castor, Stephen B. and Hedrick, James B.},
   title = {Rare Earth Elements},
   booktitle = {Industrial Minerals and Rocks: Commodities, Markets, and Uses},
   editor = {Kogel and Trivedi and Barker and Krukowski},
   publisher = {SME},
   edition = {7},
   pages = {769-792},
   year = {2006},
   type = {Book Section}
}
@article{Terakado_CG_1988,
   author = {Terakado, Yasutaka and Masuda, Akimasa},
   title = {The coprecipitation of rare-earth elements with calcite and aragonite},
   journal = {Chemical Geology},
   volume = {69},
   number = {1–2},
   pages = {103-110},
   year = {1988},
   type = {Journal Article}
}
@article{PAAS,
   author = {Nance, W. B. and Taylor, S. R.},
   title = {Rare earth element patterns and crustal evolution—I. Australian post-Archean sedimentary rocks},
   journal = {Geochimica et Cosmochimica Acta},
   volume = {40},
   number = {12},
   pages = {1539-1551},
   year = {1976},
   type = {Journal Article}
}
@book{Helsel_book,
   author = {Helsel, D.R.},
   title = {Statistics for Censored Environmental Data Using Minitab and R },
   publisher = {Wiley},
   edition = {2},
   year = {2012},
   type = {Book}
}
@article{Hanson_EPS_1980,
   author = {Hanson, G. N.},
   title = {Rare-Earth Elements in Petrogenetic Studies of Igneous Systems},
   journal = {Annual Review of Earth and Planetary Sciences},
   volume = {8},
   pages = {371-406},
   year = {1980},
   type = {Journal Article}
}
@article{Cheung_IJCG_2009,
   author = {Cheung, Katrina and Sanei, Hamed and Klassen, Patrick and Mayer, Bernhard and Goodarzi, Fariborz},
   title = {Produced fluids and shallow groundwater in coalbed methane (CBM) producing regions of Alberta, Canada: Trace element and rare earth element geochemistry},
   journal = {International Journal of Coal Geology},
   volume = {77},
   number = {3–4},
   pages = {338-349},
   keywords = {Produced fluids
Groundwater
Coalbed methane
Rare earth elements
Trace elements
Alberta},
   year = {2009},
   type = {Journal Article}
}
@article{E-V_EES_2012,
   author = {Esmaeili-Vardanjani, Mostafa and Shamsipour-Dehkordi, Reza and Eslami, Alireza and Moosaei, Firouz and Pazand, Kaveh},
   title = {A study of differentiation pattern and rare earth elements migration in geochemical and hydrogeochemical environments of Airekan and Cheshmeh Shotori areas (Central Iran)},
   journal = {Environmental Earth Sciences},
   pages = {1-14},
   keywords = {Earth and Environmental Science},
   year = {2012},
   type = {Journal Article}
}
@article{McLennan_GCA_1994,
   author = {McLennan, Scott M.},
   title = {Rare earth element geochemistry and the “tetrad” effect},
   journal = {Geochimica et Cosmochimica Acta},
   volume = {58},
   number = {9},
   pages = {2025-2033},
   year = {1994},
   type = {Journal Article}
}
@misc{Lepel_conf_1988,
   author = {Lepel, E.A. and Laul, J. C. and Smith, M.R.},
   title = {Rare-earth elements in hot brines (165 to 190°C) from the Salton Sea geothermal field},
   volume = {56},
   pages = {226-228},
   year = {1988},
   type = {Conference Paper}
}
@article{Siebert_AG_2012,
   author = {Siebert, Christian and Rosenthal, Eliahu and Möller, Peter and Rödiger, Tino and Meiler, Miki},
   title = {The hydrochemical identification of groundwater flowing to the Bet She’an-Harod multiaquifer system (Lower Jordan Valley) by rare earth elements, yttrium, stable isotopes (H, O) and Tritium},
   journal = {Applied Geochemistry},
   volume = {27},
   number = {3},
   pages = {703-714},
   year = {2012},
   type = {Journal Article}
}
@article{Quinn_MC_2006,
   author = {Quinn, Kelly A. and Byrne, Robert H. and Schijf, Johan},
   title = {Sorption of yttrium and rare earth elements by amorphous ferric hydroxide: Influence of pH and ionic strength},
   journal = {Marine Chemistry},
   volume = {99},
   number = {1–4},
   pages = {128-150},
   keywords = {Yttrium
Rare earth elements
ICP-MS
Sorption
Amorphous ferric hydroxide
pH
Ionic strength},
   year = {2006},
   type = {Journal Article}
}
@article{Otsuka_GJ_2003,
   author = {Otsuka, M. and Terakado, Y.},
   title = {Rare earth element abundances in high phosphorus and low iron groundwaters from the {N}ishinomiya district, {J}apan: {V}ariations in {Ce} anomaly, redox state and heavy rare earth enrichment},
   journal = {Geochemical Journal},
   volume = {37},
   number = {1},
   pages = {1-19},
   year = {2003},
   type = {Journal Article}
}
@article{Nelson_GEEA_2004,
   author = {Nelson, Bethany J. and Wood, Scott A. and Osiensky, James L.},
   title = {Rare earth element geochemistry of groundwater in the {Palouse Basin, northern Idaho–eastern Washington}},
   journal = {Geochemistry: Exploration, Environment, Analysis},
   volume = {4},
   number = {3},
   pages = {227-241},
   year = {2004},
   type = {Journal Article}
}
@article{Michard_GCA_1989,
   author = {Michard, Annie},
   title = {Rare earth element systematics in hydrothermal fluids},
   journal = {Geochimica et Cosmochimica Acta},
   volume = {53},
   number = {3},
   pages = {745-750},
   year = {1989},
   type = {Journal Article}
}
@article{Haas_GCA_1995,
   author = {Haas, Johnson R. and Shock, Everett L. and Sassani, David C.},
   title = {Rare earth elements in hydrothermal systems: {E}stimates of standard partial molal thermodynamic properties of aqueous complexes of the rare earth elements at high pressures and temperatures},
   journal = {Geochimica et Cosmochimica Acta},
   volume = {59},
   number = {21},
   pages = {4329-4350},
   year = {1995},
   type = {Journal Article}
}
@article{Johannesson_AG_1995,
   author = {Johannesson, Kevin H. and Lyons, W. Berry and Stetzenbach, Klaus J. and Byrne, Robert H.},
   title = {The solubility control of rare earth elements in natural terrestrial waters and the significance of \ce{PO4^3-} and \ce{CO3^2-} in limiting dissolved rare earth concentrations: {A} review of recent information},
   journal = {Aquatic Geochemistry},
   volume = {1},
   number = {2},
   pages = {157-173},
   keywords = {Earth and Environmental Science},
   year = {1995},
   type = {Journal Article}
}
@article{Leybourne_AG_2000,
   author = {Leybourne, Matthew I. and Goodfellow, Wayne D. and Boyle, Dan R. and Hall, Gwendy M.},
   title = {Rapid development of negative {Ce} anomalies in surface waters and contrasting {REE} patterns in groundwaters associated with {Zn—Pb} massive sulphide deposits},
   journal = {Applied Geochemistry},
   volume = {15},
   number = {6},
   pages = {695-723},
   year = {2000},
   type = {Journal Article}
}
@article{Gammons_CG_2005,
   author = {Gammons, Christopher H. and Wood, Scott A. and Pedrozo, Fernando and Varekamp, Johan C. and Nelson, Bethany J. and Shope, Christopher L. and Baffico, Gustavo},
   title = {Hydrogeochemistry and rare earth element behavior in a volcanically acidified watershed in {Patagonia, Argentina}},
   journal = {Chemical Geology},
   volume = {222},
   number = {3–4},
   pages = {249-267},
   keywords = {Rare earth elements
Geochemistry
Limnology
Crater lake
Adsorption
Acid rock drainage
Argentina},
   year = {2005},
   type = {Journal Article}
}
@article{Miekeley_JGE_1992,
   author = {Miekeley, N. and Coutinho de Jesus, H. and Porto da Silveira, C. L. and Linsalata, P. and Morse, R.},
   title = {Rare-earth elements in groundwaters from the {Osamu Utsumi mine and Morro do Ferro} analogue study sites, {Poços de Caldas, Brazil}},
   journal = {Journal of Geochemical Exploration},
   volume = {45},
   number = {1–3},
   pages = {365-387},
   year = {1992},
   type = {Journal Article}
}
@article{Astrom_WR_2003,
   author = {Åström, Mats and Corin, Nina},
   title = {Distribution of rare earth elements in anionic, cationic and particulate fractions in boreal humus-rich streams affected by acid sulphate soils},
   journal = {Water Research},
   volume = {37},
   number = {2},
   pages = {273-280},
   keywords = {Rare earth elements
Acid sulphate soil
Stream
Dissolved organic carbon
Acid soil
Ion exchanger},
   year = {2003},
   type = {Journal Article}
}
@article{Moller_AG_1998,
   author = {Möller, P. and Dulski, P. and Gerstenberger, H. and Morteani, G. and Fuganti, A.},
   title = {Rare earth elements, yttrium and {H, O, C, Sr, Nd and Pb} isotope studies in mineral waters and corresponding rocks from {NW-Bohemia, Czech Republic}},
   journal = {Applied Geochemistry},
   volume = {13},
   number = {8},
   pages = {975-994},
   year = {1998},
   type = {Journal Article}
}
@article{Worrall_AG_2001,
   author = {Worrall, Fred and Pearson, D. G.},
   title = {The development of acidic groundwaters in coal-bearing strata: {Part I. R}are earth element fingerprinting},
   journal = {Applied Geochemistry},
   volume = {16},
   number = {13},
   pages = {1465-1480},
   year = {2001},
   type = {Journal Article}
}
@article{Yan_CG_2001,
   author = {Yan, Xiu-Ping and Kerrich, Robert and Hendry, M. Jim},
   title = {Distribution of the rare earth elements in porewaters from a clay-rich aquitard sequence, {Saskatchewan, Canada}},
   journal = {Chemical Geology},
   volume = {176},
   number = {1–4},
   pages = {151-172},
   year = {2001},
   type = {Journal Article}
}
@article{Han_AG_2007,
   author = {Han, Guilin and Liu, Cong-Qiang},
   title = {Dissolved rare earth elements in river waters draining karst terrains in {Guizhou Province, China}},
   journal = {Aquatic Geochemistry},
   volume = {13},
   number = {1},
   pages = {95-107},
   keywords = {Earth and Environmental Science},
   year = {2007},
   type = {Journal Article}
}
@article{Lawrence_AG_2006,
   author = {Lawrence, Michael and Greig, Alan and Collerson, Kenneth and Kamber, Balz},
   title = {Rare Earth Element and Yttrium Variability in South East {Q}ueensland Waterways},
   journal = {Aquatic Geochemistry},
   volume = {12},
   number = {1},
   pages = {39-72},
   keywords = {Earth and Environmental Science},
   year = {2006},
   type = {Journal Article}
}
@article{Centeno_AG_2004,
   author = {Centeno, L. M. and Faure, G. and Lee, G. and Talnagi, J.},
   title = {Fractionation of chemical elements including the {REE}s and \ce{^{226}Ra} in stream contaminated with coal-mine effluent},
   journal = {Applied Geochemistry},
   volume = {19},
   number = {7},
   pages = {1085-1095},
   year = {2004},
   type = {Journal Article}
}
@article{Nozaki_GCA_1999,
   author = {Nozaki, Yoshiyuki and Alibo, Dia-Sotto and Amakawa, Hiroshi and Gamo, Toshitaka and Hasumoto, Hiroshi},
   title = {Dissolved rare earth elements and hydrography in the {Sulu Sea}},
   journal = {Geochimica et Cosmochimica Acta},
   volume = {63},
   number = {15},
   pages = {2171-2181},
   year = {1999},
   type = {Journal Article}
}
@article{Nozaki_GCA_2000,
   author = {Nozaki, Yoshiyuki and Lerche, Dorte and Alibo, Dia Sotto and Tsutsumi, Makoto},
   title = {Dissolved indium and rare earth elements in three {J}apanese rivers and {Tokyo Bay: Evidence} for anthropogenic {Gd and In}},
   journal = {Geochimica et Cosmochimica Acta},
   volume = {64},
   number = {23},
   pages = {3975-3982},
   year = {2000},
   type = {Journal Article}
}
@article{Negrel_AG_2000,
   author = {Négrel, Ph and Guerrot, C. and Cocherie, A. and Azaroual, M. and Brach, M. and Fouillac, Ch},
   title = {Rare earth elements, neodymium and strontium isotopic systematics in mineral waters: evidence from the {Massif Central, France}},
   journal = {Applied Geochemistry},
   volume = {15},
   number = {9},
   pages = {1345-1367},
   year = {2000},
   type = {Journal Article}
}
@article{Verplank_AG_2004,
   author = {Verplanck, Philip L. and Nordstrom, D. Kirk and Taylor, Howard E. and Kimball, Briant A.},
   title = {Rare earth element partitioning between hydrous ferric oxides and acid mine water during iron oxidation},
   journal = {Applied Geochemistry},
   volume = {19},
   number = {8},
   pages = {1339-1354},
   year = {2004},
   type = {Journal Article}
}
@article{Brookins_RMG_1989,
   author = {Brookins, D. G.},
   title = {Aqueous geochemistry of rare earth elements},
   journal = {Reviews in Mineralogy and Geochemistry},
   volume = {21},
   number = {1},
   pages = {201-225},
   year = {1989},
   type = {Journal Article}
}
@article{Wood_CG_1990,
   author = {Wood, Scott A.},
   title = {The aqueous geochemistry of the rare-earth elements and yttrium 1. {R}eview of available low-temperature data for inorganic complexes and the inorganic {REE} speciation of natural waters},
   journal = {Chemical Geology},
   volume = {82},
   pages = {159-186},
   year = {1990},
   type = {Journal Article}
}
@article{Dubinin_LMR_2004,
   author = {Dubinin, A. V.},
   title = {Geochemistry of Rare Earth Elements in the Ocean},
   journal = {Lithology and Mineral Resources},
   volume = {39},
   number = {4},
   pages = {289-307},
   keywords = {Earth and Environmental Science},
   year = {2004},
   type = {Journal Article}
}
@article{DeCarlo_GCA_2002,
   author = {De Carlo, Eric Heinen and Green, William J.},
   title = {Rare earth elements in the water column of {Lake Vanda, McMurdo Dry Valleys, Antarctica}},
   journal = {Geochimica et Cosmochimica Acta},
   volume = {66},
   number = {8},
   pages = {1323-1333},
   year = {2002},
   type = {Journal Article}
}
@article{Johannesson_CG_2004,
   author = {Johannesson, Karen H. and Tang, Jianwu and Daniels, Jeanette M. and Bounds, William J. and Burdige, David J.},
   title = {Rare earth element concentrations and speciation in organic-rich blackwaters of the {Great Dismal Swamp, Virginia, USA}},
   journal = {Chemical Geology},
   volume = {209},
   number = {3–4},
   pages = {271-294},
   year = {2004},
   type = {Journal Article}
}
@article{Tang_CG_2010,
   author = {Tang, Jianwu and Johannesson, Karen H.},
   title = {Rare earth elements adsorption onto {Carrizo sand: I}nfluence of strong solution complexation},
   journal = {Chemical Geology},
   volume = {279},
   number = {3–4},
   pages = {120-133},
   year = {2010},
   type = {Journal Article}
}
@article{Pourret_JCIS_2007,
   author = {Pourret, Olivier and Davranche, Mélanie and Gruau, Gérard and Dia, Aline},
   title = {Competition between humic acid and carbonates for rare earth elements complexation},
   journal = {Journal of Colloid and Interface Science},
   volume = {305},
   number = {1},
   pages = {25-31},
   keywords = {Rare earth elements
Humic acid
Carbonates
Binding
Speciation
Ultrafiltration},
   year = {2007},
   type = {Journal Article}
}
@article{Marsac_GCA_2011,
   author = {Marsac, Rémi and Davranche, Mélanie and Gruau, Gérard and Bouhnik-Le Coz, Martine and Dia, Aline},
   title = {An improved description of the interactions between rare earth elements and humic acids by modeling: {PHREEQC-M}odel VI coupling},
   journal = {Geochimica et Cosmochimica Acta},
   volume = {75},
   number = {19},
   pages = {5625-5637},
   year = {2011},
   type = {Journal Article}
}
@article{Stern_CG_2007,
   author = {Stern, Jennifer C. and Sonke, Jeroen E. and Salters, Vincent J. M.},
   title = {A capillary electrophoresis-{ICP-MS} study of rare earth element complexation by humic acids},
   journal = {Chemical Geology},
   volume = {246},
   number = {3–4},
   pages = {170-180},
   keywords = {Lanthanides
Rare earth elements
REE
Humic acid
Humic substances
Capillary electrophoresis
Conditional binding constants
ICP-MS
Trace metal speciation},
   year = {2007},
   type = {Journal Article}
}
@article{Pourret_CG_2007,
   author = {Pourret, Olivier and Davranche, Mélanie and Gruau, Gérard and Dia, Aline},
   title = {Rare earth elements complexation with humic acid},
   journal = {Chemical Geology},
   volume = {243},
   number = {1–2},
   pages = {128-141},
   keywords = {Rare earth elements
Humic acid
Binding
Speciation
Ultrafiltration
Model VI},
   year = {2007},
   type = {Journal Article}
}
@article{Biddau_CG_2002,
   author = {Biddau, Riccardo and Cidu, Rosa and Frau, Franco},
   title = {Rare earth elements in waters from the albitite-bearing granodiorites of {Central Sardinia, Italy}},
   journal = {Chemical Geology},
   volume = {182},
   number = {1},
   pages = {1-14},
   keywords = {Rare earth elements
Hydrogeochemistry
REE speciation
Sardinia, Italy},
   year = {2002},
   type = {Journal Article}
}
@article{DeBaar_Nat_1983,
   author = {De Baar, H. J. W. and Bacon, M. P. and Brewer, P. G.},
   title = {Rare-earth distributions with a positive {Ce} anomaly in the western {North-Atlantic} ocean},
   journal = {Nature},
   volume = {301},
   number = {5898},
   pages = {324-327},
   year = {1983},
   type = {Journal Article}
}
@article{deBoer_WR_1996,
   author = {de Boer, J. L. M. and Verweij, W. and van der Velde-Koerts, T. and Mennes, W.},
   title = {Levels of rare earth elements in {D}utch drinking water and its sources. {D}etermination by inductively coupled plasma mass spectrometry and toxicological implications. {A} pilot study},
   journal = {Water Research},
   volume = {30},
   number = {1},
   pages = {190-198},
   keywords = {ICP-MS
rare earth elements
drinking water
groundwater
fresh water
toxicological limit values},
   year = {1996},
   type = {Journal Article}
}
@article{Janssen_WR_2003,
   author = {Janssen, René P. T. and Verweij, Wilko},
   title = {Geochemistry of some rare earth elements in groundwater, {Vierlingsbeek, The Netherlands}},
   journal = {Water Research},
   volume = {37},
   number = {6},
   pages = {1320-1350},
   keywords = {Rare earth elements
Groundwater},
   year = {2003},
   type = {Journal Article}
}
@article{Bradbury_GCA_2002,
   author = {Bradbury, M. H. and Baeyens, B.},
   title = {Sorption of {Eu} on {Na-} and {Ca}-montmorillonites: experimental investigations and modelling with cation exchange and surface complexation},
   journal = {Geochimica et Cosmochimica Acta},
   volume = {66},
   number = {13},
   pages = {2325-2334},
   year = {2002},
   type = {Journal Article}
}
@article{Coppin_CG_2002,
   author = {Coppin, Frédéric and Berger, Gilles and Bauer, Andreas and Castet, Sylvie and Loubet, Michel},
   title = {Sorption of lanthanides on smectite and kaolinite},
   journal = {Chemical Geology},
   volume = {182},
   number = {1},
   pages = {57-68},
   keywords = {Rare earth elements
Lanthanides
Sorption
Kaolinite
Smectite
Experimental
Surface chemistry},
   year = {2002},
   type = {Journal Article}
}
@article{Gruau_WR_2004,
   author = {Gruau, Gérard and Dia, Aline and Olivié-Lauquet, Gwenaelle and Davranche, Mélanie and Pinay, Gilles},
   title = {Controls on the distribution of rare earth elements in shallow groundwaters},
   journal = {Water Research},
   volume = {38},
   number = {16},
   pages = {3576-3586},
   keywords = {Rare earth elements
Groundwater
Redox processes
Dissolved organic carbon
Wetland},
   year = {2004},
   type = {Journal Article}
}
@article{Piepgras_GCA_1992,
   author = {Piepgras, Donald J. and Jacobsen, Stein B.},
   title = {The behavior of rare earth elements in seawater: {P}recise determination of variations in the North Pacific water column},
   journal = {Geochimica et Cosmochimica Acta},
   volume = {56},
   number = {5},
   pages = {1851-1862},
   year = {1992},
   type = {Journal Article}
}
@article{Michard_GCA_1987,
   author = {Michard, Annie and Beaucaire, Catherine and Michard, Gil},
   title = {Uranium and rare earth elements in \ce{CO2}-rich waters from {Vals-les-Bains (France)}},
   journal = {Geochimica et Cosmochimica Acta},
   volume = {51},
   number = {4},
   pages = {901-909},
   year = {1987},
   type = {Journal Article}
}
@article{Gammons_GCA_2005,
   author = {Gammons, Christopher H. and Wood, Scott A. and Nimick, David A.},
   title = {Diel behavior of rare earth elements in a mountain stream with acidic to neutral {pH}},
   journal = {Geochimica et Cosmochimica Acta},
   volume = {69},
   number = {15},
   pages = {3747-3758},
   year = {2005},
   type = {Journal Article}
}
@article{Ingri_CG_2000,
   author = {Ingri, Johan and Widerlund, Anders and Land, Magnus and Gustafsson, Örjan and Andersson, Per and Öhlander, Björn},
   title = {Temporal variations in the fractionation of the rare earth elements in a boreal river; the role of colloidal particles},
   journal = {Chemical Geology},
   volume = {166},
   number = {1–2},
   pages = {23-45},
   keywords = {REE
Colloidal
Particulate
Boreal river},
   year = {2000},
   type = {Journal Article}
}
@article{Johannesson_GW_1997,
   author = {Johannesson, Kevin H. and Stetzenbach, Klaus J. and Hodge, Vernon F. and Kreamer, David K. and Zhou, Xiaoping},
   title = {Delineation of Ground-Water Flow Systems in the {Southern Great Basin} Using Aqueous Rare Earth Element Distributions},
   journal = {Ground Water},
   volume = {35},
   number = {5},
   pages = {807-819},
   year = {1997},
   type = {Journal Article}
}
@article{Zhang_AG_1998,
   author = {Zhang, Chaosheng and Wang, Lijun and Zhang, Shen and Li, Xiuxia},
   title = {Geochemistry of rare earth elements in the mainstream of the {Yangtze River, China}},
   journal = {Applied Geochemistry},
   volume = {13},
   number = {4},
   pages = {451-462},
   year = {1998},
   type = {Journal Article}
}
@article{Tang_CG_2006,
   author = {Tang, Jianwu and Johannesson, Karen H.},
   title = {Controls on the geochemistry of rare earth elements along a groundwater flow path in the {Carrizo Sand aquifer, Texas, USA}},
   journal = {Chemical Geology},
   volume = {225},
   number = {1–2},
   pages = {156-171},
   keywords = {Rare earth elements
Geochemistry
Redox conditions
Adsorption
Carrizo Sand aquifer
Texas},
   year = {2006},
   type = {Journal Article}
}
@article{Alibo_GCA_1999,
   author = {Alibo, Dia Sotto and Nozaki, Yoshiyuki},
   title = {Rare earth elements in seawater: particle association, shale-normalization, and {Ce} oxidation},
   journal = {Geochimica et Cosmochimica Acta},
   volume = {63},
   number = {3–4},
   pages = {363-372},
   year = {1999},
   type = {Journal Article}
}
@article{Tang_GCA_2003,
   author = {Tang, Jianwu and Johannesson, Karen H.},
   title = {Speciation of rare earth elements in natural terrestrial waters: assessing the role of dissolved organic matter from the modeling approach},
   journal = {Geochimica et Cosmochimica Acta},
   volume = {67},
   number = {13},
   pages = {2321-2339},
   year = {2003},
   type = {Journal Article}
}
@article{BwireOjiambo_AG_2003,
   author = {Bwire Ojiambo, S. and Berry Lyons, W. and Welch, Kathy A. and Poreda, Robert J. and Johannesson, Karen H.},
   title = {Strontium isotopes and rare earth elements as tracers of groundwater–lake water interactions, {Lake Naivasha, Kenya}},
   journal = {Applied Geochemistry},
   volume = {18},
   number = {11},
   pages = {1789-1805},
   year = {2003},
   type = {Journal Article}
}
@article{Johannesson_EPSL_1996,
   author = {Johannesson, Kevin H. and Stetzenbach, Klaus J. and Hodge, Vernon F. and Berry Lyons, W.},
   title = {Rare earth element complexation behavior in circumneutral {pH} groundwaters: {A}ssessing the role of carbonate and phosphate ions},
   journal = {Earth and Planetary Science Letters},
   volume = {139},
   number = {1–2},
   pages = {305-319},
   keywords = {Nevada
Mojave Desert
ground water
rare earths
phosphate ion
carbonate ion
bicarbonate ion},
   year = {1996},
   type = {Journal Article}
}
@article{Johannesson_CG_1995,
   author = {Johannesson, Kevin H. and Lyons, W. Berry},
   title = {Rare-earth element geochemistry of {C}olour Lake, an acidic freshwater lake on {Axel Heiberg Island, Northwest Territories, Canada}},
   journal = {Chemical Geology},
   volume = {119},
   number = {1–4},
   pages = {209-223},
   year = {1995},
   type = {Journal Article}
}
@article{Johannesson_CG_1996,
   author = {Johannesson, Kevin H. and Lyons, W. Berry and Yelken, Mary A. and Gaudette, Henri E. and Stetzenbach, Klaus J.},
   title = {Geochemistry of the rare-earth elements in hypersaline and dilute acidic natural terrestrial waters: {C}omplexation behavior and middle rare-earth element enrichments},
   journal = {Chemical Geology},
   volume = {133},
   number = {1–4},
   pages = {125-144},
   keywords = {Rare-earths
Hypersaline
Dilute
Acid waters
Metal speciation
Australia
North America},
   year = {1996},
   type = {Journal Article}
}
@article{Dia_GCA_2000,
   author = {Dia, Aline and Gruau, Gérard and Olivé-Lauquet, Gwenaelle and Riou, Christine and Molénat, Jérome and Curmi, Pierre},
   title = {The distribution of rare earth elements in groundwaters: assessing the role of source-rock composition, redox changes and colloidal particles},
   journal = {Geochimica et Cosmochimica Acta},
   volume = {64},
   number = {24},
   pages = {4131-4151},
   year = {2000},
   type = {Journal Article}
}
@article{Tricca_CG_1999,
   author = {Tricca, Aude and Stille, Peter and Steinmann, Marc and Kiefel, Bernard and Samuel, Jean and Eikenberg, Jost},
   title = {Rare earth elements and {Sr} and {Nd} isotopic compositions of dissolved and suspended loads from small river systems in the {Vosges mountains (France), the river Rhine and groundwater}},
   journal = {Chemical Geology},
   volume = {160},
   number = {1–2},
   pages = {139-158},
   keywords = {Rhine River
Groundwater
Suspended load
Dissolved load
REE
Sr and Nd isotopes},
   year = {1999},
   type = {Journal Article}
}
@article{Gosselin_GCA_1992,
   author = {Gosselin, David C. and Smith, Monty R. and Lepel, Elwood A. and Laul, J. C.},
   title = {Rare earth elements in chloride-rich groundwater, {Palo Duro Basin, Texas, USA}},
   journal = {Geochimica et Cosmochimica Acta},
   volume = {56},
   number = {4},
   pages = {1495-1505},
   year = {1992},
   type = {Journal Article}
}
@article{Smedley_GCA_1991,
   author = {Smedley, Pauline L.},
   title = {The geochemistry of rare earth elements in groundwater from the {C}arnmenellis area, southwest {E}ngland},
   journal = {Geochimica et Cosmochimica Acta},
   volume = {55},
   number = {10},
   pages = {2767-2779},
   year = {1991},
   type = {Journal Article}
}
@article{Tweed_CG_2006,
   author = {Tweed, S. O. and Weaver, T. R. and Cartwright, I. and Schaefer, B.},
   title = {Behavior of rare earth elements in groundwater during flow and mixing in fractured rock aquifers: {A}n example from the {Dandenong Ranges}, southeast {Australia}},
   journal = {Chemical Geology},
   volume = {234},
   number = {3–4},
   pages = {291-307},
   keywords = {Groundwater
Rare earths
Tracers
Hydrochemistry
Recharge},
   year = {2006},
   type = {Journal Article}
}
@article{Tesmer_HJ_2007,
   author = {Tesmer, M. and Möller, P. and Wieland, S. and Jahnke, C. and Voigt, H. and Pekdeger, A.},
   title = {Deep reaching fluid flow in the {North East German Basin}: origin and processes of groundwater salinisation},
   journal = {Hydrogeology Journal},
   volume = {15},
   number = {7},
   pages = {1291-1306},
   year = {2007},
   type = {Journal Article}
}
@article{Millero_GCA_1992,
   author = {Millero, Frank J.},
   title = {Stability constants for the formation of rare earth-inorganic complexes as a function of ionic strength},
   journal = {Geochimica et Cosmochimica Acta},
   volume = {56},
   number = {8},
   pages = {3123-3132},
   year = {1992},
   type = {Journal Article}
}
@article{Krauskopf_CG_1986,
   author = {Krauskopf, K. B.},
   title = {Thorium and rare-earth metals as analogs for actinide elements},
   journal = {Chemical Geology},
   volume = {55},
   number = {3–4},
   pages = {323-335},
   year = {1986},
   type = {Journal Article}
}
@article{Duncan_AG_2003,
   author = {Duncan, T. and Shaw, T. J.},
   title = {The mobility of Rare Earth Elements and Redox Sensitive Elements in the groundwater/seawater mixing zone of a shallow coastal aquifer},
   journal = {Aquatic Geochemistry},
   volume = {9},
   number = {3},
   pages = {233-255},
   year = {2003},
   type = {Journal Article}
}
@article{Pourret_AG_2010,
   author = {Pourret, Olivier and Gruau, Gérard and Dia, Aline and Davranche, Mélanie and Molénat, Jérôme},
   title = {Colloidal Control on the Distribution of Rare Earth Elements in Shallow Groundwaters},
   journal = {Aquatic Geochemistry},
   volume = {16},
   number = {1},
   pages = {31-59},
   keywords = {Earth and Environmental Science},
   year = {2010},
   type = {Journal Article}
}
@article{Elderfield_GCA_1990,
   author = {Elderfield, H. and Upstill-Goddard, R. and Sholkovitz, E. R.},
   title = {The rare earth elements in rivers, estuaries, and coastal seas and their significance to the composition of ocean waters},
   journal = {Geochimica et Cosmochimica Acta},
   volume = {54},
   number = {4},
   pages = {971-991},
   year = {1990},
   type = {Journal Article}
}
@article{Sholkovitz_EPSL_1992,
   author = {Sholkovitz, Edward R.},
   title = {Chemical evolution of rare earth elements: fractionation between colloidal and solution phases of filtered river water},
   journal = {Earth and Planetary Science Letters},
   volume = {114},
   number = {1},
   pages = {77-84},
   year = {1992},
   type = {Journal Article}
}
@article{Sholkovitz_GCA_1994,
   author = {Sholkovitz, Edward R. and Landing, William M. and Lewis, Brent L.},
   title = {Ocean particle chemistry: The fractionation of rare earth elements between suspended particles and seawater},
   journal = {Geochimica et Cosmochimica Acta},
   volume = {58},
   number = {6},
   pages = {1567-1579},
   year = {1994},
   type = {Journal Article}
}
@article{Elderfield_PTRS_1988,
   author = {Elderfield, H. and Whitfield, M. and Burton, J. D. and Bacon, M. P. and Liss, P. S.},
   title = {The Oceanic Chemistry of the Rare-Earth Elements [and Discussion]},
   journal = {Philosophical Transactions of the Royal Society of London. Series A, Mathematical and Physical Sciences},
   volume = {325},
   number = {1583},
   pages = {105-126},
   year = {1988},
   type = {Journal Article}
}
@article{Elderfield_Nat_1982,
   author = {Elderfield, Henry and Greaves, Mervyn J.},
   title = {The rare earth elements in seawater},
   journal = {Nature},
   volume = {296},
   number = {5854},
   pages = {214-219},
   year = {1982},
   type = {Journal Article}
}
@article{Johannesson_LO_1994,
   author = {Johannesson, K. H. and Lyons, W. B.},
   title = {The rare-earth element geochemistry of {Mono Lake} water and the importance of carbonate complexing},
   journal = {Limnology and Oceanography},
   volume = {39},
   number = {5},
   pages = {1141-1154},
   year = {1994},
   type = {Journal Article}
}
@article{Schijf_GCA_1995,
   author = {Schijf, Johan and De Baar, Hein J. W. and Millero, Frank J.},
   title = {Vertical distributions and speciation of dissolved rare earth elements in the anoxic brines of {Bannock Basin, eastern Mediterranean Sea}},
   journal = {Geochimica et Cosmochimica Acta},
   volume = {59},
   number = {16},
   pages = {3285-3299},
   year = {1995},
   type = {Journal Article}
}
@article{Hirata_Tal_2002,
   author = {Hirata, Shizuko and Kajiya, Tasuku and Aihara, Masato and Honda, Kazuto and Shikino, Osamu},
   title = {Determination of rare earth elements in seawater by on-line column preconcentration inductively coupled plasma mass spectrometry},
   journal = {Talanta},
   volume = {58},
   number = {6},
   pages = {1185-1194},
   keywords = {Rare earth elements
Seawater
Muromac A-1
ICP-MS
On-line column preconcentration},
   year = {2002},
   type = {Journal Article}
}
@article{Zhu_JAC_2006,
   author = {Zhu, Yanbei and Itoh, Akihide and Fujimori, Eiji and Umemura, Tomonari and Haraguchi, Hiroki},
   title = {Determination of rare earth elements in seawater by {ICP-MS} after preconcentration with a chelating resin-packed minicolumn},
   journal = {Journal of Alloys and Compounds},
   volume = {408–412},
   number = {0},
   pages = {985-988},
   keywords = {Rare earth elements
Seawater
ICP-MS
Chelating resin-packed minicolumn},
   year = {2006},
   type = {Journal Article}
}
@article{Willis_CG_2011,
   author = {Willis, Stephanie S. and Johannesson, Karen H.},
   title = {Controls on the geochemistry of rare earth elements in sediments and groundwaters of the {Aquia aquifer, Maryland, USA}},
   journal = {Chemical Geology},
   volume = {285},
   number = {1–4},
   pages = {32-49},
   keywords = {Rare earth elements
Geochemistry
Groundwater
Redox conditions
Sequential extraction
Aquia aquifer},
   year = {2011},
   type = {Journal Article}
}
@article{Fu_Tal_2007,
   author = {Fu, Qiang and Yang, Limin and Wang, Qiuquan},
   title = {On-line preconcentration with a novel alkyl phosphinic acid extraction resin coupled with inductively coupled plasma mass spectrometry for determination of trace rare earth elements in seawater},
   journal = {Talanta},
   volume = {72},
   number = {4},
   pages = {1248-1254},
   keywords = {Alkyl phosphinic acid resin
Rare earth elements
On-line preconcentration
Seawater
Inductively coupled plasma mass spectrometry},
   year = {2007},
   type = {Journal Article}
}
@article{Haley_MC_2003,
   author = {Haley, Brian A. and Klinkhammer, Gary P.},
   title = {Complete separation of rare earth elements from small volume seawater samples by automated ion chromatography: method development and application to benthic flux},
   journal = {Marine Chemistry},
   volume = {82},
   number = {3–4},
   pages = {197-220},
   keywords = {Rare earth elements
Pore water
Benthic flux
Method development
ICP-MS
Ion chromatography},
   year = {2003},
   type = {Journal Article}
}
@article{Johannesson_CG_2000,
   author = {Johannesson, Kevin H. and Zhou, Xiaoping and Guo, Caixia and Stetzenbach, Klaus J. and Hodge, Vernon F.},
   title = {Origin of rare earth element signatures in groundwaters of circumneutral {pH} from southern {Nevada and eastern California, USA}},
   journal = {Chemical Geology},
   volume = {164},
   number = {3–4},
   pages = {239-257},
   keywords = {Rare earth elements
Groundwater
Water–rock interaction
Hydrogeology
Solution complexation},
   year = {2000},
   type = {Journal Article}
}
@article{Johannesson_GCA_1997,
   author = {Johannesson, Kevin H. and Stetzenbach, Klaus J. and Hodge, Vernon F.},
   title = {Rare earth elements as geochemical tracers of regional groundwater mixing},
   journal = {Geochimica et Cosmochimica Acta},
   volume = {61},
   number = {17},
   pages = {3605-3618},
   year = {1997},
   type = {Journal Article}
}
@article{Vicente_SAB_1998,
   author = {Vicente, O. and Padró, A. and Martinez, L. and Olsina, R. and Marchevsky, E.},
   title = {Determination of some rare earth elements in seawater by inductively coupled plasma mass spectrometry using flow injection preconcentration},
   journal = {Spectrochimica Acta Part B: Atomic Spectroscopy},
   volume = {53},
   number = {9},
   pages = {1281-1287},
   year = {1998},
   type = {Journal Article}
}
@article{Erel_GCA_1993,
   author = {Erel, Yigal and Stolper, Edward M.},
   title = {Modeling of rare-earth element partitioning between particles and solution in aquatic environments},
   journal = {Geochimica et Cosmochimica Acta},
   volume = {57},
   number = {3},
   pages = {513-518},
   year = {1993},
   type = {Journal Article}
}
@article{Bau_MC_1997,
   author = {Bau, Michael and Möller, Peter and Dulski, Peter},
   title = {Yttrium and lanthanides in eastern Mediterranean seawater and their fractionation during redox-cycling},
   journal = {Marine Chemistry},
   volume = {56},
   number = {1–2},
   pages = {123-131},
   keywords = {seawater
Mediterranean Sea
rare earths
yttrium
brines},
   year = {1997},
   type = {Journal Article}
}
@article{Johannesson_GCA_2000,
   author = {Johannesson, Kevin H. and Hendry, M. Jim},
   title = {Rare earth element geochemistry of groundwaters from a thick till and clay-rich aquitard sequence, {Saskatchewan, Canada}},
   journal = {Geochimica et Cosmochimica Acta},
   volume = {64},
   number = {9},
   pages = {1493-1509},
   year = {2000},
   type = {Journal Article}
}
@article{Johannesson_GCA_1999,
   author = {Johannesson, Kevin H. and Farnham, Irene M. and Guo, Caixia and Stetzenbach, Klaus J.},
   title = {Rare earth element fractionation and concentration variations along a groundwater flow path within a shallow, basin-fill aquifer, southern {Nevada, USA}},
   journal = {Geochimica et Cosmochimica Acta},
   volume = {63},
   number = {18},
   pages = {2697-2708},
   year = {1999},
   type = {Journal Article}
}
@Manual{R,
  title = {R: A Language and Environment for Statistical Computing},
  author = {{R Core Team},},
  organization = {R Foundation for Statistical Computing},
  address = {Vienna, Austria},
  year = {2014},
  url = {http://www.R-project.org/},
}
@article{Meima_EST_1997,
  title={Geochemical modeling of weathering reactions in municipal solid waste incinerator bottom ash},
  author={Meima, Jeannet A and Comans, Rob NJ},
  journal={Environmental science \& technology},
  volume={31},
  number={5},
  pages={1269--1276},
  year={1997},
  publisher={ACS Publications}
}
@article{Guo_CG_2010,
  title={Geochemical controls on arsenic and rare earth elements approximately along a groundwater flow path in the shallow aquifer of the {Hetao Basin, Inner Mongolia}},
  author={Guo, Huaming and Zhang, Bo and Wang, Guangcai and Shen, Zhaoli},
  journal={Chemical Geology},
  volume={270},
  number={1},
  pages={117--125},
  year={2010},
  publisher={Elsevier}
}