@article{Noack_EST_2014,
   author = {Noack, Clinton W. and Dzombak, David A. and Karamalidis, Athanasios K.},
   title = {Rare Earth Element Distributions and Trends in Natural Waters with a Focus on Groundwater},
   journal = {Environmental Science \& Technology},
   volume = {48},
   number = {8},
   pages = {4317-4326},
   year = {2014},
   type = {Journal Article}
}

@article{Haluszczak_AG_2013,
   author = {Haluszczak, Lara O. and Rose, Arthur W. and Kump, Lee R.},
   title = {Geochemical evaluation of flowback brine from {M}arcellus gas wells in {Pennsylvania, USA}},
   journal = {Applied Geochemistry},
   volume = {28},
   pages = {55-61},
   year = {2013},
   type = {Journal Article}
}

@article{Taverniers_TrAC_2004,
   author = {Taverniers, Isabel and De Loose, Marc and Van Bockstaele, Erik},
   title = {Trends in quality in the analytical laboratory. {II. A}nalytical method validation and quality assurance},
   journal = {TrAC Trends in Analytical Chemistry},
   volume = {23},
   number = {8},
   pages = {535-552},
   year = {2004},
   type = {Journal Article}
}

@article{Nash_SXIX_1993,
   author = {Nash, Kenneth L.},
   title = {A Review of the Basic Chemistry and Recent Developments in Trivalent f-Elements Separations},
   journal = {Solvent Extraction and Ion Exchange},
   volume = {11},
   number = {4},
   pages = {729-768},
   year = {1993},
   type = {Journal Article}
}

@article{Kimura_BCSJ_1960,
   author = {Kimura, Kan},
   title = {Inorganic extraction studies on the system between bis (2-ethyl hexyl)-orthophosphoric acid and hydrochloric acid (I)},
   journal = {Bulletin of the Chemical Society of Japan},
   volume = {33},
   number = {8},
   pages = {1038-1046},
   year = {1960},
   type = {Journal Article}
}

@techreport{USDOE_CritMat,
   author = {Bauer, D. and Diamond, D. and Li, J. and Sandalow, D. and Telleen, P. and Wanner, B.},
   title = {{US Department of Energy Critical Materials Strategy}},
   year = {2010},
   type = {Report},
   institution = {US Department of Energy}
}

@article{Lund_Geothermics_2011,
   author = {Lund, John W. and Freeston, Derek H. and Boyd, Tonya L.},
   title = {Direct utilization of geothermal energy 2010 worldwide review},
   journal = {Geothermics},
   volume = {40},
   number = {3},
   pages = {159-180},
   year = {2011},
   type = {Journal Article}
}

@article{Kharaka_REG_2000,
   author = {Kharaka, Yousif K and Lundegard, Paul D and Giordano, Thomas H},
   title = {Distribution and origin of organic ligands in subsurface waters from sedimentary basins},
   journal = {Rev. Econ. Geol},
   volume = {9},
   pages = {119-131},
   year = {2000},
   type = {Journal Article}
}

@techreport{EIA_2013,
   author = {U.S. Energy Information Administration},
   title = {Annual Energy Outlook 2014 Early Release Overview},
   institution = {U.S. Energy Information Administration},
   year = {2013},
   type = {Report}
}

@misc{R,
   author = {R Core Team},
   title = {R: A Language and Environment for Statistical Computing},
   publisher = {R Foundation for Statistical Computing},
   year = {2014},
   type = {Computer Program}
}

@phdthesis{Wolford_PSU_2011,
   author = {Wolford, Robert},
   title = {Characterization of organics in the {Marcellus Shale} flowback and produced waters},
   school = {The Pennsylvania State University},
   year = {2011},
   type = {Thesis}
}

@article{Oliveira_JAAS_2011,
   author = {Oliveira, Eliane Padua and Yang, Lu and Sturgeon, Ralph E. and Santelli, Ricardo Erthal and Bezerra, Marcos Almeida and Willie, Scott N. and Capilla, Ramses},
   title = {Determination of trace metals in high-salinity petroleum produced formation water by inductively coupled plasma mass spectrometry following on-line analyte separation/preconcentration},
   journal = {Journal of Analytical Atomic Spectrometry},
   volume = {26},
   number = {3},
   pages = {578-585},
   year = {2011},
   type = {Journal Article}
}

@article{Doehlert,
   author = {Doehlert, David H.},
   title = {Uniform Shell Designs},
   journal = {Journal of the Royal Statistical Society. Series C (Applied Statistics)},
   volume = {19},
   number = {3},
   pages = {231-239},
   year = {1970},
   type = {Journal Article}
}

@article{Shannon_Nat_2008,
   author = {Shannon, Mark A and Bohn, Paul W and Elimelech, Menachem and Georgiadis, John G and Mariñas, Benito J and Mayes, Anne M},
   title = {Science and technology for water purification in the coming decades},
   journal = {Nature},
   volume = {452},
   number = {7185},
   pages = {301-310},
   year = {2008},
   type = {Journal Article}
}

@article{Elimelech_Sci_2011,
   author = {Elimelech, Menachem and Phillip, William A.},
   title = {The Future of Seawater Desalination: {E}nergy, Technology, and the Environment},
   journal = {Science},
   volume = {333},
   number = {6043},
   pages = {712-717},
   year = {2011},
   type = {Journal Article}
}

@article{Zawisza_JAAS_2011,
   author = {Zawisza, Beata and Pytlakowska, Katarzyna and Feist, Barbara and Polowniak, Marzena and Kita, Andrzej and Sitko, Rafal},
   title = {Determination of rare earth elements by spectroscopic techniques: a review},
   journal = {Journal of Analytical Atomic Spectrometry},
   volume = {26},
   number = {12},
   pages = {2373-2390},
   year = {2011},
   type = {Journal Article}
}

@article{Jenner_CG_1990,
   author = {Jenner, GA and Longerich, HP and Jackson, SE and Fryer, BJ},
   title = {{ICP-MS} - a powerful tool for high-precision trace-element analysis in earth sciences: evidence from analysis of selected {USGS} reference samples},
   journal = {Chemical Geology},
   volume = {83},
   number = {1},
   pages = {133-148},
   year = {1990},
   type = {Journal Article}
}

@article{Nelson_ESTL_2014,
   author = {Nelson, Andrew W. and May, Dustin and Knight, Andrew W. and Eitrheim, Eric S. and Mehrhoff, Marinea and Shannon, Robert and Litman, Robert and Schultz, Michael K.},
   title = {Matrix Complications in the Determination of Radium Levels in Hydraulic Fracturing Flowback Water from {Marcellus Shale}},
   journal = {Environmental Science \& Technology Letters},
   volume={1},
   number={3},
   pages={204--208},   
   year = {2014},
   type = {Journal Article}
}

@article{IUPAC,
   author = {Thompson, Michael and Ellison, Steven LR and Fajgelj, Aleš and Willetts, Paul and Wood, Roger},
   title = {Harmonized guidelines for the use of recovery information in analytical measurement},
   journal = {Pure and applied chemistry},
   volume = {71},
   number = {2},
   pages = {337-348},
   year = {1999},
   type = {Journal Article}
}

@article{Nilsson_SXIX_2007,
   author = {Nilsson, Mikael and Nash, Kenneth L},
   title = {Review article: {A} review of the development and operational characteristics of the {TALSPEAK} process},
   journal = {Solvent Extraction and Ion Exchange},
   volume = {25},
   number = {6},
   pages = {665-701},
   year = {2007},
   type = {Journal Article}
}

@techreport{Weaver_ORNL_1964,
   author = {Weaver, Boyd and Kappelmann, FA},
   title = {{TALSPEAK}: {A} new method of separating americium and curium from the lanthanides by extraction from an aqueous solution of an aminopolyacetic acid complex with a monoacidic organophosphate or phosphonate},
   institution = {Oak Ridge National Lab., Tenn.},
   year = {1964},
   type = {Report}
}

@article{Raso_Tal_2013,
   author = {Raso, Maria and Censi, Paolo and Saiano, Filippo},
   title = {Simultaneous determinations of zirconium, hafnium, yttrium and lanthanides in seawater according to a co-precipitation technique onto iron-hydroxide},
   journal = {Talanta},
   volume = {116},
   number = {0},
   year = {2013},
   type = {Journal Article}
}

@article{McGinnis_GN_1997,
   author = {McGinnis, Cathleen E. and Jain, Jinesh C. and Neal, Clive R.},
   title = {Characterisation of Memory Effects and Development of an Effective Wash Protocol for the Measurement of Petrogenetically Critical Trace Elements in Geological Samples by {ICP-MS}},
   journal = {Geostandards Newsletter},
   volume = {21},
   number = {2},
   pages = {289-305},
   year = {1997},
   type = {Journal Article}
}

@article{Arvind_EST_2013,
   author = {Murali Mohan, Arvind and Hartsock, Angela and Bibby, Kyle J. and Hammack, Richard W. and Vidic, Radisav D. and Gregory, Kelvin B.},
   title = {Microbial Community Changes in Hydraulic Fracturing Fluids and Produced Water from Shale Gas Extraction},
   journal = {Environmental Science \& Technology},
   volume = {47},
   number = {22},
   pages = {13141-13150},
   year = {2013},
   type = {Journal Article}
}

@article{Lee_WR_2011,
   author = {Lee, Po-Ching and Li, Chi-Wang and Chen, Jie-Yuan and Li, Ying-Sheng and Chen, Shiao-Shing},
   title = {Dissolution of {D2EHPA} in liquid–liquid extraction process: {I}mplication on metal removal and organic content of the treated water},
   journal = {Water Research},
   volume = {45},
   number = {18},
   pages = {5953-5958},
   year = {2011},
   type = {Journal Article}
}

@article{Kimura_BCSJ_1961,
   author = {Kimura, Kan},
   title = {Inorganic extraction studies on the system between bis (2-ethyl hexyl)-orthophosphoric acid and hydrochloric acid (II)},
   journal = {Bull. Chem. Soc. Japan},
   volume = {34},
   year = {1961},
   type = {Journal Article}
}

@article{Vidic_Sci_2013,
   author = {Vidic, RD and Brantley, SL and Vandenbossche, JM and Yoxtheimer, D and Abad, JD},
   title = {Impact of Shale Gas Development on Regional Water Quality},
   journal = {Science},
   volume = {340},
   number = {6134},
   ISSN = {0036-8075},
   year = {2013},
   type = {Journal Article}
}

@article{Barbot_EST_2013,
   author = {Barbot, Elise and Vidic, Natasa S. and Gregory, Kelvin B. and Vidic, Radisav D.},
   title = {Spatial and Temporal Correlation of Water Quality Parameters of Produced Waters from Devonian-Age Shale following Hydraulic Fracturing},
   journal = {Environmental Science \& Technology},
   volume = {47},
   number = {6},
   pages = {2562-2569},
   year = {2013},
   type = {Journal Article}
}

@article{Kulaksiz_EPSL_2013,
   author = {Kulaksiz, Serkan and Bau, Michael},
   title = {Anthropogenic dissolved and colloid/nanoparticle-bound samarium, lanthanum and gadolinium in the Rhine River and the impending destruction of the natural rare earth element distribution in rivers},
   journal = {Earth and Planetary Science Letters},
   volume = {362},
   pages = {43-50},
   year = {2013},
   type = {Journal Article}
}

@article{Aries_GN_2000,
   author = {Aries, Sébastien and Valladon, Michel and Polvé, Mireille and Dupré, Bernard},
   title = {A Routine Method for Oxide and Hydroxide Interference Corrections in {ICP-MS} Chemical Analysis of Environmental and Geological Samples},
   journal = {Geostandards Newsletter},
   volume = {24},
   number = {1},
   pages = {19-31},
   year = {2000},
   type = {Journal Article}
}

@article{Bau_EPSL_1996,
   author = {Bau, Michael and Dulski, Peter},
   title = {Anthropogenic origin of positive gadolinium anomalies in river waters},
   journal = {Earth and Planetary Science Letters},
   volume = {143},
   number = {1},
   pages = {245-255},
   year = {1996},
   type = {Journal Article}
}

@article{Lawrence_GGR_2007,
   author = {Lawrence, Michael G. and Kamber, Balz S.},
   title = {Rare Earth Element Concentrations in the Natural Water Reference Materials {(NRCC) NASS-5, CASS-4 and SLEW-3}},
   journal = {Geostandards and Geoanalytical Research},
   volume = {31},
   number = {2},
   pages = {95-103},
   year = {2007},
   type = {Journal Article}
}

@techreport{APS_CritMat,
   author = {APS},
   title = {Energy critical elements: {S}ecuring materials for emerging technologies},
   institution = {American Physical Society},
   year = {2011},
   type = {Report}
}

@article{boxplots,
   author = {McGill, Robert and Tukey, John W and Larsen, Wayne A},
   title = {Variations of box plots},
   journal = {The American Statistician},
   volume = {32},
   number = {1},
   pages = {12-16},
   year = {1978},
   type = {Journal Article}
}

@inbook{Castor_Hedrick,
   author = {Castor, Stephen B. and Hedrick, James B.},
   title = {Rare Earth Elements},
   booktitle = {Industrial Minerals and Rocks: Commodities, Markets, and Uses},
   publisher = {SME},
   edition = {7},
   pages = {769-792},
   year = {2006},
   type = {Book Section}
}

@inbook{Shannon_REEinGWFS,
   author = {Shannon, William M. and Wood, S. A.},
   title = {The Analysis of Picogram Quantities of Rare Earth Elements in Natural Waters},
   booktitle = {Rare Earth Elements in Groundwater Flow Systems},
   publisher = {Springer},
   address = {Dordrecht, The Netherlands},
   year = {2005},
   pages = {1—37},
   type = {Book Section}
}

@article{Stetzenbach_GW_1994,
   author = {Stetzenbach, Klaus J. and Amano, Megumi and Kreamer, David K. and Hodge, Vernon F.},
   title = {Testing the Limits of {ICP-MS}: {D}etermination of Trace Elements in Ground Water at the Part-Per-Trillion Level},
   journal = {Ground Water},
   volume = {32},
   number = {6},
   pages = {976-985},
   year = {1994},
   type = {Journal Article}
}

@article{Zhang_AC_1998,
   author = {Zhang, Tian-hong and Shan, Xiao-quan and Liu, Rui-xia and Tang, Hong-xiao and Zhang, Shu-zhen},
   title = {Preconcentration of Rare Earth Elements in Seawater with Poly(acrylaminophosphonic dithiocarbamate) Chelating Fiber Prior to Determination by Inductively Coupled Plasma Mass Spectrometry},
   journal = {Analytical Chemistry},
   volume = {70},
   number = {18},
   pages = {3964-3968},
   year = {1998},
   type = {Journal Article}
}

@article{Wen_Analyst_1999,
   author = {Wen, Bei and Shan, Xiao-quan and Xu, Shu-guang},
   title = {Preconcentration of ultratrace rare earth elements in seawater with 8-hydroxyquinoline immobilized polyacrylonitrile hollow fiber membrane for determination by inductively coupled plasma mass spectrometry},
   journal = {Analyst},
   volume = {124},
   number = {4},
   pages = {621-626},
   year = {1999},
   type = {Journal Article}
}

@article{Benkhedda_JAAS_2001,
   author = {Benkhedda, K. and Infante, H. G. and Ivanova, E. and Adams, F. C.},
   title = {Determination of sub-parts-per-trillion levels of rare earth elements in natural waters by inductively coupled plasma time-of-flight mass spectrometry after flow injection on-line sorption preconcentration in a knotted reactor},
   journal = {Journal of Analytical Atomic Spectrometry},
   volume = {16},
   number = {9},
   pages = {995-1001},
   year = {2001},
   type = {Journal Article}
}

@article{Halicz_JAAS_1996,
   author = {Halicz, Ludwik and Gavrieli, Ittai and Dorfman, Ethel},
   title = {On-line method for inductively coupled plasma mass spectrometric determination of rare earth elements in highly saline brines},
   journal = {Journal of Analytical Atomic Spectrometry},
   volume = {11},
   number = {9},
   pages = {811-814},
   year = {1996},
   type = {Journal Article}
}

@article{Kuhn_FJAC_2000,
   author = {Kühn, M. and Kriews, M.},
   title = {Improved detection of transition and rare earth elements in marine samples with the {CETAC DSX}-100 preconcentration/matrix elimination system and {ICP-MS}},
   journal = {Fresenius' Journal of Analytical Chemistry},
   volume = {367},
   number = {5},
   pages = {440-444},
   year = {2000},
   type = {Journal Article}
}

@article{Katarina_Tal_2009,
   author = {Katarina, Rosi Ketrin and Oshima, Mitsuko and Motomizu, Shoji},
   title = {High-capacity chitosan-based chelating resin for on-line collection of transition and rare-earth metals prior to inductively coupled plasma-atomic emission spectrometry measurement},
   journal = {Talanta},
   volume = {79},
   number = {5},
   pages = {1252-1259},
   year = {2009},
   type = {Journal Article}
}

@article{Zhu_Tal_2009,
   author = {Zhu, Yanbei and Umemura, Tomonari and Haraguchi, Hiroki and Inagaki, Kazumi and Chiba, Koichi},
   title = {Determination of {REE}s in seawater by {ICP-MS} after on-line preconcentration using a syringe-driven chelating column},
   journal = {Talanta},
   volume = {78},
   number = {3},
   pages = {891-895},
   year = {2009},
   type = {Journal Article}
}

@article{Kumar_Desal_2011,
   author = {Kumar, Sanjukta A. and Pandey, Shailaja P. and Shenoy, Niyoti S. and Kumar, Sangita D.},
   title = {Matrix separation and preconcentration of rare earth elements from seawater by poly hydroxamic acid cartridge followed by determination using {ICP-MS}},
   journal = {Desalination},
   volume = {281},
   number = {0},
   pages = {49-54},
   year = {2011},
   type = {Journal Article}
}

@article{Kim_AG_2010,
   author = {Kim, Intae and Kim, Seolwon and Kim, Guebuem},
   title = {Analytical Artifacts Associated with the Chelating Resin Extraction of Dissolved Rare Earth Elements in Natural Water Samples},
   journal = {Aquatic Geochemistry},
   volume = {16},
   number = {4},
   pages = {611-620},
   year = {2010},
   type = {Journal Article}
}

@article{Moller_SAB_1992,
   author = {Möller, Peter and Dulski, Peter and Luck, Joachim},
   title = {Determination of rare earth elements in seawater by inductively coupled plasma-mass spectrometry},
   journal = {Spectrochimica Acta Part B: Atomic Spectroscopy},
   volume = {47},
   number = {12},
   pages = {1379-1387},
   year = {1992},
   type = {Journal Article}
}

@article{Shabani_AC_1990,
   author = {Shabani, Mohammad B. and Akagi, Tasuku and Shimizu, Hiroshi and Masuda, Akimasa},
   title = {Determination of trace lanthanides and yttrium in seawater by inductively coupled plasma mass spectrometry after preconcentration with solvent extraction and back-extraction},
   journal = {Analytical Chemistry},
   volume = {62},
   number = {24},
   pages = {2709-2714},
   year = {1990},
   type = {Journal Article}
}

@article{Shaw_AC_2003,
   author = {Shaw, Timothy J. and Duncan, Thomas and Schnetger, Bernhard},
   title = {A Preconcentration/Matrix Reduction Method for the Analysis of Rare Earth Elements in Seawater and Groundwaters by Isotope Dilution {ICPMS}},
   journal = {Analytical Chemistry},
   volume = {75},
   number = {14},
   pages = {3396-3403},
   year = {2003},
   type = {Journal Article}
}

@article{Gregory_Elements_2011,
   author = {Gregory, Kelvin B. and Vidic, Radisav D. and Dzombak, David A.},
   title = {Water Management Challenges Associated with the Production of Shale Gas by Hydraulic Fracturing},
   journal = {Elements},
   volume = {7},
   number = {3},
   pages = {181-186},
   year = {2011},
   type = {Journal Article}
}

@article{Hirata_Tal_2002,
   author = {Hirata, Shizuko and Kajiya, Tasuku and Aihara, Masato and Honda, Kazuto and Shikino, Osamu},
   title = {Determination of rare earth elements in seawater by on-line column preconcentration inductively coupled plasma mass spectrometry},
   journal = {Talanta},
   volume = {58},
   number = {6},
   pages = {1185-1194},
   year = {2002},
   type = {Journal Article}
}

@article{Kajiya_SAB_2004,
   author = {Kajiya, Tasuku and Aihara, Masato and Hirata, Shizuko},
   title = {Determination of rare earth elements in seawater by inductively coupled plasma mass spectrometry with on-line column pre-concentration using 8-quinolinole-immobilized fluorinated metal alkoxide glass},
   journal = {Spectrochimica Acta Part B: Atomic Spectroscopy},
   volume = {59},
   number = {4},
   pages = {543-550},
   year = {2004},
   type = {Journal Article}
}

@article{Fu_Tal_2007,
   author = {Fu, Qiang and Yang, Limin and Wang, Qiuquan},
   title = {On-line preconcentration with a novel alkyl phosphinic acid extraction resin coupled with inductively coupled plasma mass spectrometry for determination of trace rare earth elements in seawater},
   journal = {Talanta},
   volume = {72},
   number = {4},
   pages = {1248-1254},
   year = {2007},
   type = {Journal Article}
}

@article{Haley_MC_2003,
   author = {Haley, Brian A. and Klinkhammer, Gary P.},
   title = {Complete separation of rare earth elements from small volume seawater samples by automated ion chromatography: method development and application to benthic flux},
   journal = {Marine Chemistry},
   volume = {82},
   number = {3–4},
   pages = {197-220},
   year = {2003},
   type = {Journal Article}
}

@article{Vicente_SAB_1998,
   author = {Vicente, O. and Padró, A. and Martinez, L. and Olsina, R. and Marchevsky, E.},
   title = {Determination of some rare earth elements in seawater by inductively coupled plasma mass spectrometry using flow injection preconcentration},
   journal = {Spectrochimica Acta Part B: Atomic Spectroscopy},
   volume = {53},
   number = {9},
   pages = {1281-1287},
   year = {1998},
   type = {Journal Article}
}

@article{Willie_SAB_2001,
   author = {Willie, S. N. and Sturgeon, R. E.},
   title = {Determination of transition and rare earth elements in seawater by flow injection inductively coupled plasma time-of-flight mass spectrometry},
   journal = {Spectrochimica Acta Part B: Atomic Spectroscopy},
   volume = {56},
   number = {9},
   pages = {1707-1716},
   year = {2001},
   type = {Journal Article}
}

@article{Erel_GCA_1993,
   author = {Erel, Yigal and Stolper, Edward M.},
   title = {Modeling of rare-earth element partitioning between particles and solution in aquatic environments},
   journal = {Geochimica et Cosmochimica Acta},
   volume = {57},
   number = {3},
   pages = {513-518},
   year = {1993},
   type = {Journal Article}
}

@article{Agatemor_ACA_2011,
   author = {Agatemor, Christian and Beauchemin, Diane},
   title = {Matrix effects in inductively coupled plasma mass spectrometry: A review},
   journal = {Analytica Chimica Acta},
   volume = {706},
   number = {1},
   pages = {66-83},
   year = {2011},
   type = {Journal Article}
}

