@article{Singh_JAWMA_2013,
  title={Statistical techniques for analyzing of soil vapor intrusion data: A case study of manufactured gas plant sites},
  author={Singh, Anshuman and Neuhauser, Edward F and Azzolina, Nicholas A and Distler, Mark and Anders, Krista M and Doroski, Melissa A and Rabideau, Alan J},
  journal={Journal of the Air \& Waste Management Association},
  volume={63},
  number={2},
  pages={219--229},
  year={2013},
  publisher={Taylor \& Francis}
}

@article{Xie_SiM_2005,
  title={Adjusted {Kaplan--Meier} estimator and log-rank test with inverse probability of treatment weighting for survival data},
  author={Xie, Jun and Liu, Chaofeng},
  journal={Statistics in Medicine},
  volume={24},
  number={20},
  pages={3089--3110},
  year={2005},
  publisher={Wiley Online Library}
}