@techreport{FrostSullivan_renewable,
   author = {{Frost \& Sullivan}},
   title = {Annual Renewable Energy Outlook},
   year = {2014},
   type = {Report}
}

@techreport{FrostSullivan_REEmarket,
   author = {{Frost \& Sullivan},},
   title = {Supply/Demand Dynamics of Rare Earth Elements},
   month = {December},
   year = {2013},
   type = {Report}
}

@techreport{GEA_report,
   author = {{Geothermal Energy Association},},
   title = {Annual {US} Geothermal Power Production and Development Report},
   year = {2013},
   type = {Report}
}

@techreport{CDOGGR,
   author = {{CDOGGR},},
   title = {Summary of Geothermal Operations},
   institution = {California Division of Oil, Gas \& Geothermal Resources},
   year = {2009},
   type = {Report}
}

@techreport{Clark_Argonne_2011,
   author = {Clark, C.E. and Harto, C.B. and Sullivan, J.L. and Wang, M.Q.},
   title = {Water Use in the Development and Operation of Geothermal Power Plants},
   institution = {Argonne National Laboratory},
   year = {2011},
   type = {Report}
}

@techreport{USGS_commsumm,
   author = {{U.S. Geological Survey},},
   title = {Mineral commodity summaries 2015},
   institution = {U.S. Geological Survey},
   year = {2015},
   type = {Report}
}

@inbook{USGS_minyb_2012,
    author    = {“Gambogi, Joseph”},
    title     = {“Rare Earths”},
    publisher = {“U.S. Geologic Survey”},
    year      = {“2012”},
    series    = {“Minerals Yearbook”}
}

@techreport{JRC_2011,
   author = {Moss, RL and Tzimas, E and Kara, H and Willis, P and Kooroshy, J},
   title = {Critical metals in strategic energy technologies},
   institution = {European Commission Joint Research Centre Institute for Energy and Transport},
   year = {2011}
}

@article{Alonso_EST_2012,
   author = {Alonso, Elisa and Sherman, Andrew M and Wallington, Timothy J and Everson, Mark P and Field, Frank R and Roth, Richard and Kirchain, Randolph E},
   title = {Evaluating rare earth element availability: {A} case with revolutionary demand from clean technologies},
   journal = {Environmental science \& technology},
   volume = {46},
   number = {6},
   pages = {3406-3414},
   year = {2012},
   type = {Journal Article}
}


@inbook{CastorHedrick,
   author = {Castor, Stephen B. and Hedrick, James B.},
   title = {Rare Earth Elements},
   booktitle = {Industrial Minerals and Rocks: Commodities, Markets, and Uses},
   publisher = {SME},
   edition = {7},
   pages = {769-792},
   year = {2006},
   type = {Book Section}
}

@book{CRC,
   author = {Lide, David R},
   title = {{CRC} handbook of chemistry and physics},
   publisher = {CRC press},
   ISBN = {1439880492},
   year = {2012},
   type = {Book}
}

@article{Murray_Geol_1990,
   author = {Murray, Richard W. and Buchholtz ten Brink, Marilyn R. and Jones, David L. and Gerlach, David C. and Russ , G.Price},
   title = {Rare earth elements as indicators of different marine depositional environments in chert and shale},
   journal = {Geology},
   volume = {18},
   number = {3},
   pages = {268-271},
   year = {1990},
   type = {Journal Article}
}

@article{Laveuf_Geoderma_2009,
   author = {Laveuf, C and Cornu, S},
   title = {A review on the potentiality of Rare Earth Elements to trace pedogenetic processes},
   journal = {Geoderma},
   volume = {154},
   number = {1},
   pages = {1-12},
   ISSN = {0016-7061},
   year = {2009},
   type = {Journal Article}
}

@article{PAAS,
   author = {Nance, W. B. and Taylor, S. R.},
   title = {Rare earth element patterns and crustal evolution—{I. Australian post-Archean sedimentary rocks}},
   journal = {Geochimica et Cosmochimica Acta},
   volume = {40},
   number = {12},
   pages = {1539-1551},
   year = {1976},
   type = {Journal Article}
}

@article{Hanson_AREPS_1980,
   author = {Hanson, G. N.},
   title = {Rare-Earth Elements in Petrogenetic Studies of Igneous Systems},
   journal = {Annual Review of Earth and Planetary Sciences},
   volume = {8},
   pages = {371-406},
   year = {1980},
   type = {Journal Article}
}

@article{Zaimes_SCE_2015,
   author = {Zaimes, George G. and Hubler, Berlyn J. and Wang, Shuo and Khanna, Vikas},
   title = {Environmental Life Cycle Perspective on Rare Earth Oxide Production},
   journal = {ACS Sustainable Chemistry \& Engineering},
   volume = {3},
   number = {2},
   pages = {237-244},
   year = {2015},
   type = {Journal Article}
}


